<collection xmlns="http://www.loc.gov/MARC21/slim">
<record>
  <leader>04209nam0a2200649 i 450 </leader>
  <controlfield tag="001">IT\ICCU\CNCE\075056</controlfield>
  <controlfield tag="005">20100219000000.0</controlfield>
  <datafield tag="012" ind1=" " ind2=" ">
    <subfield code="a">i-um ulca s.n. vequ (3) 151. (Q)</subfield>
    <subfield code="2">fei</subfield>
  </datafield>
  <datafield tag="100" ind1=" " ind2=" ">
    <subfield code="a">20100217f15101519    0itac0103    ba</subfield>
  </datafield>
  <datafield tag="101" ind1=" " ind2=" ">
    <subfield code="a">LAT</subfield>
  </datafield>
  <datafield tag="102" ind1=" " ind2=" ">
    <subfield code="a">IT</subfield>
  </datafield>
  <datafield tag="200" ind1="1" ind2=" ">
    <subfield code="a">Secundum volumen trac. diuersorum. Tra. de actionibus domine Baptiste de Sancto Blasio Patauino ... Tra. do. Bartho. Brixiensis. Tra. de testibus per dominum Andream Barbatiam. Tra. de potestate ac excellentia regia Corseti ... Tra. de iniurijs domini Iacobi de Canibus ... Tra. de feudi cognitione Ioan. Baptistae Cacialupi. Tra. de mora Bartholomei Saliceti. Tra. de legitimatione Ludouici de Sardis. Tra. de iure prothomiseos domini Matthei de Afflictis</subfield>
  </datafield>
  <datafield tag="210" ind1=" " ind2=" ">
    <subfield code="a">\Pavia</subfield>
    <subfield code="c">Giovanni Giolito De Ferrari il vecchio!</subfield>
    <subfield code="d">\151.!</subfield>
  </datafield>
  <datafield tag="215" ind1=" " ind2=" ">
    <subfield code="a">181 c.</subfield>
    <subfield code="d">fol</subfield>
  </datafield>
  <datafield tag="300" ind1=" " ind2=" ">
    <subfield code="a">Ricomposizione parziale dell&apos;edizione datata 1511</subfield>
  </datafield>
  <datafield tag="517" ind1="1" ind2=" ">
    <subfield code="3">IT\ICCU\CNCE\075057</subfield>
    <subfield code="a">Tractatus diversorum doctorum</subfield>
  </datafield>
  <datafield tag="620" ind1=" " ind2=" ">
    <subfield code="a">IT</subfield>
    <subfield code="d">Pavia</subfield>
  </datafield>
  <datafield tag="702" ind1=" " ind2="1">
    <subfield code="a">Barbazza,</subfield>
    <subfield code="b">Andrea</subfield>
    <subfield code="3">IT\ICCU\CNCA\001033</subfield>
  </datafield>
  <datafield tag="702" ind1=" " ind2="1">
    <subfield code="a">Caccialupi,</subfield>
    <subfield code="b">Giovanni Battista</subfield>
    <subfield code="3">IT\ICCU\CNCA\001226</subfield>
  </datafield>
  <datafield tag="702" ind1=" " ind2="0">
    <subfield code="a">Bartolomeo</subfield>
    <subfield code="c"> : da#Brescia</subfield>
    <subfield code="3">IT\ICCU\CNCA\001421</subfield>
  </datafield>
  <datafield tag="702" ind1=" " ind2="0">
    <subfield code="a">Bartolomeo</subfield>
    <subfield code="c"> : da#Saliceto</subfield>
    <subfield code="3">IT\ICCU\CNCA\001430</subfield>
  </datafield>
  <datafield tag="702" ind1=" " ind2="1">
    <subfield code="a">Cani,</subfield>
    <subfield code="b">Giovanni Iacopo</subfield>
    <subfield code="3">IT\ICCU\CNCA\002513</subfield>
  </datafield>
  <datafield tag="702" ind1=" " ind2="1">
    <subfield code="a">Corsetti,</subfield>
    <subfield code="b">Antonio</subfield>
    <subfield code="3">IT\ICCU\CNCA\003130</subfield>
  </datafield>
  <datafield tag="702" ind1=" " ind2="1">
    <subfield code="a">D&apos;Afflitto,</subfield>
    <subfield code="b">Matteo</subfield>
    <subfield code="3">IT\ICCU\CNCA\004547</subfield>
  </datafield>
  <datafield tag="702" ind1=" " ind2="1">
    <subfield code="a">Blasio,</subfield>
    <subfield code="b">Giovanni Battista : de</subfield>
    <subfield code="3">IT\ICCU\CNCA\013576</subfield>
  </datafield>
  <datafield tag="702" ind1=" " ind2="1">
    <subfield code="a">Sardi,</subfield>
    <subfield code="b">Ludovico</subfield>
    <subfield code="3">IT\ICCU\CNCA\026287</subfield>
  </datafield>
  <datafield tag="712" ind1="0" ind2="0">
    <subfield code="a">Giolito De Ferrari, Giovanni</subfield>
    <subfield code="c"> &lt;1.&gt;</subfield>
    <subfield code="3">IT\ICCU\CNCT\000472</subfield>
    <subfield code="4">650</subfield>
  </datafield>
  <datafield tag="790" ind1=" " ind2="1">
    <subfield code="a">Barbatia,</subfield>
    <subfield code="b">Andreas</subfield>
    <subfield code="3">IT\ICCU\CNCA\027275</subfield>
    <subfield code="z">Barbazza, Andrea</subfield>
  </datafield>
  <datafield tag="790" ind1=" " ind2="1">
    <subfield code="a">Barbatius,</subfield>
    <subfield code="b">Andreas</subfield>
    <subfield code="3">IT\ICCU\CNCA\027276</subfield>
    <subfield code="z">Barbazza, Andrea</subfield>
  </datafield>
  <datafield tag="790" ind1=" " ind2="1">
    <subfield code="a">Gazalupi,</subfield>
    <subfield code="b">Iohannes Baptista</subfield>
    <subfield code="3">IT\ICCU\CNCA\012945</subfield>
    <subfield code="z">Caccialupi, Giovanni Battista</subfield>
  </datafield>
  <datafield tag="790" ind1=" " ind2="1">
    <subfield code="a">De_Caccialupis,</subfield>
    <subfield code="b">Ioannes Baptista</subfield>
    <subfield code="3">IT\ICCU\CNCA\027227</subfield>
    <subfield code="z">Caccialupi, Giovanni Battista</subfield>
  </datafield>
  <datafield tag="790" ind1=" " ind2="0">
    <subfield code="a">Bartholomaeus</subfield>
    <subfield code="c"> : Brixiensis</subfield>
    <subfield code="3">IT\ICCU\CNCA\007716</subfield>
    <subfield code="z">Bartolomeo : da#Brescia</subfield>
  </datafield>
  <datafield tag="790" ind1=" " ind2="1">
    <subfield code="a">Avogadro,</subfield>
    <subfield code="b">Bartolommeo</subfield>
    <subfield code="3">IT\ICCU\CNCA\012575</subfield>
    <subfield code="z">Bartolomeo : da#Brescia</subfield>
  </datafield>
  <datafield tag="790" ind1=" " ind2="0">
    <subfield code="a">Barthľemy</subfield>
    <subfield code="c"> : de#Brescia</subfield>
    <subfield code="3">IT\ICCU\CNCA\019076</subfield>
    <subfield code="z">Bartolomeo : da#Brescia</subfield>
  </datafield>
  <datafield tag="790" ind1=" " ind2="1">
    <subfield code="a">Saliceto,</subfield>
    <subfield code="b"></subfield>
    <subfield code="3">IT\ICCU\CNCA\012579</subfield>
    <subfield code="z">Bartolomeo : da#Saliceto</subfield>
  </datafield>
  <datafield tag="790" ind1=" " ind2="1">
    <subfield code="a">Cane,</subfield>
    <subfield code="b">Giovanni Iacopo</subfield>
    <subfield code="3">IT\ICCU\CNCA\013096</subfield>
    <subfield code="z">Cani, Giovanni Iacopo</subfield>
  </datafield>
  <datafield tag="790" ind1=" " ind2="1">
    <subfield code="a">Cane,</subfield>
    <subfield code="b">Gianjacopo</subfield>
    <subfield code="3">IT\ICCU\CNCA\013101</subfield>
    <subfield code="z">Cani, Giovanni Iacopo</subfield>
  </datafield>
  <datafield tag="790" ind1=" " ind2="1">
    <subfield code="a">De_Canibus,</subfield>
    <subfield code="b">Ioannes Iacobus</subfield>
    <subfield code="3">IT\ICCU\CNCA\015922</subfield>
    <subfield code="z">Cani, Giovanni Iacopo</subfield>
  </datafield>
  <datafield tag="790" ind1=" " ind2="1">
    <subfield code="a">Corsetus,</subfield>
    <subfield code="b">Antonius</subfield>
    <subfield code="3">IT\ICCU\CNCA\003517</subfield>
    <subfield code="z">Corsetti, Antonio</subfield>
  </datafield>
  <datafield tag="790" ind1=" " ind2="1">
    <subfield code="a">Corsetto,</subfield>
    <subfield code="b">Antonio</subfield>
    <subfield code="3">IT\ICCU\CNCA\023300</subfield>
    <subfield code="z">Corsetti, Antonio</subfield>
  </datafield>
  <datafield tag="790" ind1=" " ind2="1">
    <subfield code="a">Corsictus,</subfield>
    <subfield code="b">Antonius</subfield>
    <subfield code="3">IT\ICCU\CNCA\023301</subfield>
    <subfield code="z">Corsetti, Antonio</subfield>
  </datafield>
  <datafield tag="790" ind1=" " ind2="1">
    <subfield code="a">Corsettus,</subfield>
    <subfield code="b">Antonius</subfield>
    <subfield code="3">IT\ICCU\CNCA\023302</subfield>
    <subfield code="z">Corsetti, Antonio</subfield>
  </datafield>
  <datafield tag="790" ind1=" " ind2="1">
    <subfield code="a">Afflitto,</subfield>
    <subfield code="b">Matteo</subfield>
    <subfield code="3">IT\ICCU\CNCA\007545</subfield>
    <subfield code="z">D&apos;Afflitto, Matteo</subfield>
  </datafield>
  <datafield tag="790" ind1=" " ind2="1">
    <subfield code="a">Afflitti,</subfield>
    <subfield code="b">Matteo : degli</subfield>
    <subfield code="3">IT\ICCU\CNCA\015195</subfield>
    <subfield code="z">D&apos;Afflitto, Matteo</subfield>
  </datafield>
  <datafield tag="790" ind1=" " ind2="1">
    <subfield code="a">Afflictis,</subfield>
    <subfield code="b">Matthaeus : de</subfield>
    <subfield code="3">IT\ICCU\CNCA\018384</subfield>
    <subfield code="z">D&apos;Afflitto, Matteo</subfield>
  </datafield>
  <datafield tag="790" ind1=" " ind2="1">
    <subfield code="a">Afflitto,</subfield>
    <subfield code="b">Matteo d&apos;</subfield>
    <subfield code="3">IT\ICCU\CNCA\023081</subfield>
    <subfield code="z">D&apos;Afflitto, Matteo</subfield>
  </datafield>
  <datafield tag="790" ind1=" " ind2="1">
    <subfield code="a">De_Afflictis,</subfield>
    <subfield code="b">Mattheus</subfield>
    <subfield code="3">IT\ICCU\CNCA\023082</subfield>
    <subfield code="z">D&apos;Afflitto, Matteo</subfield>
  </datafield>
  <datafield tag="790" ind1=" " ind2="1">
    <subfield code="a">Sancto Blasio,</subfield>
    <subfield code="b">Joannes Baptista</subfield>
    <subfield code="3">IT\ICCU\CNCA\028412</subfield>
    <subfield code="z">Blasio, Giovanni Battista : de</subfield>
  </datafield>
  <datafield tag="790" ind1=" " ind2="1">
    <subfield code="a">Blasius,</subfield>
    <subfield code="b">Joannes Baptista</subfield>
    <subfield code="3">IT\ICCU\CNCA\028413</subfield>
    <subfield code="z">Blasio, Giovanni Battista : de</subfield>
  </datafield>
  <datafield tag="790" ind1=" " ind2="1">
    <subfield code="a">Sardis,</subfield>
    <subfield code="b">Ludovico de</subfield>
    <subfield code="3">IT\ICCU\CNCA\026288</subfield>
    <subfield code="z">Sardi, Ludovico</subfield>
  </datafield>
  <datafield tag="791" ind1="0" ind2="0">
    <subfield code="a">Iolitus, Ioannes</subfield>
    <subfield code="3">IT\ICCU\CNCT\003848</subfield>
    <subfield code="z">Giolito De Ferrari, Giovanni &lt;1.&gt;</subfield>
  </datafield>
  <datafield tag="791" ind1="0" ind2="0">
    <subfield code="a">Giolitto, Giovanni</subfield>
    <subfield code="3">IT\ICCU\CNCT\004887</subfield>
    <subfield code="z">Giolito De Ferrari, Giovanni &lt;1.&gt;</subfield>
  </datafield>
  <datafield tag="791" ind1="0" ind2="0">
    <subfield code="a">Giolitus, Ioannes alias Ferrarius</subfield>
    <subfield code="3">IT\ICCU\CNCT\004888</subfield>
    <subfield code="z">Giolito De Ferrari, Giovanni &lt;1.&gt;</subfield>
  </datafield>
  <datafield tag="801" ind1=" " ind2="3">
    <subfield code="a">IT</subfield>
    <subfield code="b">ICCU</subfield>
    <subfield code="c">20201115</subfield>
  </datafield>
  <datafield tag="899" ind1=" " ind2=" ">
    <subfield code="a">Biblioteca Apostolica Vaticana. Citt ̉del Vaticano</subfield>
    <subfield code="1">EX0001</subfield>
    <subfield code="2">ZCV 01</subfield>
  </datafield>
  <datafield tag="911" ind1=" " ind2=" ">
    <subfield code="a">Sul front.</subfield>
    <subfield code="9">IT\ICCU\CNCM\000315</subfield>
  </datafield>
  <datafield tag="921" ind1=" " ind2=" ">
    <subfield code="a">IT\ICCU\CNCM\000315</subfield>
    <subfield code="b">Guerriero armato di spada, con la mano appoggiata su uno scudo. Nello scudo le iniziali IGS e doppia croce. Sopra lo scudo una sorta di caduceo.</subfield>
    <subfield code="c">K126</subfield>
    <subfield code="c">Z839</subfield>
    <subfield code="f">CADUCEO</subfield>
    <subfield code="f">GUERRIERO</subfield>
    <subfield code="f">IGS</subfield>
    <subfield code="f">SCUDO</subfield>
    <subfield code="g">1504-1520</subfield>
  </datafield>
</record>
</collection>
